% Technology - Trade - Climate
% Data
%website
% @online{HC11,
    % author = {HarvestChoice},
    % year = {2011},
    % title = {How Big is One 5-Arc Minute Grid Cell?},
    % organization = {International Food Policy Research Institute},
    % location = {Washington D.C.},
    % url = {http://harvestchoice.org/node/1428},
% }
% Reports

%%%%%%%%%%%%%%%%%%%%%%
% Affirmative Action %
%%%%%%%%%%%%%%%%%%%%%%

% Published
@article{AAH16,
	author = {Peter Arcidiacono and Esteban M. Aucejo and V. Joseph Hotz},
	title = {University Differences in the Graduation of Minorities in STEM Fields: Evidence from California},
	journal = {American Economic Review},
	year = {2016},
	volume = {106},
	number = {3},
	pages = {525-62},
	doi = {10.1257/aer.20130626},
}
@article{AL16,
	author = {Peter Arcidiacono and Michael Lovenheim},
	title = {Affirmative Action and the Quality-Fit Trade-off},
	journal = {Journal of Economic Literature},
	volume = {54},
	number = {1},
	year = {2016},
	pages = {3-51},
	doi = {10.1257/jel.54.1.3},
}
@article{CL93,
	author = {Stephen Coate and Glenn C. Loury},
	title = {Will Affirmative-Action Policies Eliminate Negative Stereotypes?},
	journal = {The American Economic Review},
	volume = {83},
	number = {5},
	year = {1993},
	month = {12},
	pages = {1220-40},
	url = {https://www.jstor.org/stable/2117558 },
}
@article{D08,
	author = {Steven N. Durlauf},
	title = {Affirmative action, meritocracy, and efficiency},
	journal = {Politics, Philosophy, and Economics},
	volume = {7},
	number = {2},
	year = {2008},
	month = {5},
	pages = {131-58},
	doi = {10.1177/1470594X08088726},
}


%%%%%%%%%%%%%%%%%%
% Macroeconomics %
%%%%%%%%%%%%%%%%%%

% Unpublished
% @unpublished{ABL08,
	% author = {Fernando E. Alvarez, Francisco J. Buera, Robert E. Lucas Jr.},
	% title = {Model of Idea Flows},
	% year = {2008},
	% note = {NBER Working Paper no. 14135},
	% url = {https://www.nber.org/papers/w14135},
% }
@unpublished{AF20,
	author = {Titan Alon and Daniel Fershtman},
	title = {A Theory of Human Capital Specialization},
	year = {2020},
}

% Handbooks

% Stock and Watson (2016)
% Ramey (2016)
@incollection{R16-macro,
	author = {Valerie A. Ramey},
	title = {Macroeconomic Shocks and Their Propagation},
	editor = {John B. Taylor and Harald Uhlig},
	booktitle = {Handbook of Macroeconomics},
	volume = {2},
	year = {2016},
	chapter = {2},
	pages = {71-162},
	doi = {10.1016/bs.hesmac.2016.03.003},
}


% Published
% Adao, Costinot, and Donaldson (2017)
@article{ACD17,
	author = {Rodrigo Adao and Arnaud Costinot and Dave Donaldson},
	title = {Nonparametric Counterfactual Predictions in Neoclassical Models of International Trade},
	journal = {American Economic Review},
	volume = {107},
	number = {3},
	year = {2017},
	pages = {633-89},
	doi = {10.1257/aer.20150956},
}
