@book{CB02,
	author = {George Casella and Roger L. Berger},
	title = {Statistical Inference},
	year = {2002},
	edition = {Second Edition},
	publisher = {Brooks/Cole Cengage Learning},
	location = {Belmont, CA},
}
@misc{IPUMS,
	author = {Steven Ruggles and Sarah Flood and Ronald Goeken and Josiah Grover and Erin Meyer and Jose Pacas and Matthew Sobek},
	title = {IPUMS USA: Version 10.0},
	year = {2020},
	publisher = {IPUMS},
	location = {Minneapolis, MN},
	type = {Dataset},
	doi = {10.18128/D010.V10.0},
}

%%%%%%%%%%%%%%%%%%%%%%
% Affirmative Action %
%%%%%%%%%%%%%%%%%%%%%%
% Published
@article{AAH16,
	author = {Peter Arcidiacono and Esteban M. Aucejo and V. Joseph Hotz},
	title = {University Differences in the Graduation of Minorities in STEM Fields: Evidence from California},
	journal = {American Economic Review},
	year = {2016},
	volume = {106},
	number = {3},
	pages = {525-62},
	doi = {10.1257/aer.20130626},
}
@article{AL16,
	author = {Peter Arcidiacono and Michael Lovenheim},
	title = {Affirmative Action and the Quality-Fit Trade-off},
	journal = {Journal of Economic Literature},
	volume = {54},
	number = {1},
	year = {2016},
	pages = {3-51},
	doi = {10.1257/jel.54.1.3},
}
@article{CL93,
	author = {Stephen Coate and Glenn C. Loury},
	title = {Will Affirmative-Action Policies Eliminate Negative Stereotypes?},
	journal = {The American Economic Review},
	volume = {83},
	number = {5},
	year = {1993},
	month = {12},
	pages = {1220-40},
	url = {https://www.jstor.org/stable/2117558},
}
@article{D08,
	author = {Steven N. Durlauf},
	title = {Affirmative action, meritocracy, and efficiency},
	journal = {Politics, Philosophy, and Economics},
	volume = {7},
	number = {2},
	year = {2008},
	month = {5},
	pages = {131-58},
	doi = {10.1177/1470594X08088726},
}
@article{L91,
	author = {Shelly J. Lundberg},
	title = {The Enforcement of Equal Opportunity Laws Under Imperfect Information: Affirmative Action and Alternatives},
	journal = {Quarterly Journal of Economics},
	volume = {106},
	number = {1},
	year = {1991},
	month = {2},
	pages = {309-26},
	doi = {10.2307/2937919},
}
%%%%%%%%%%%
% Beliefs %
%%%%%%%%%%%
% Unpublished
@article{AAMR16-wp,
	author = {Peter Arcidiacono and Esteban Aucejo and Arnuad Maurel and Tyler Ransom},
	title = {College Attrition and the Dynamics of Information Revelation},
	year = {2016},
	note = {NBER Working Paper no. 22325},
	url = {https://www.nber.org/papers/w22325.pdf},
}
% published
@article{AHMR-wp,
	author = {Peter Arcidiacono and V. Joseph Hotz and Arnaud Maurel and Teresa Romano},
	title = {Ex-ante Returns and Occupational Choice},
	journal = {Journal of Political Economy},
	year = {forthcoming},
	doi = {10.1086/710559},
}

%%%%%%%%%%%%%%%%%%%%%%%%
% College major choice %
%%%%%%%%%%%%%%%%%%%%%%%%
% report
@report{S93,
    institution = {National Center for Education Statistics},
    title = {120 Years of American Education: a Statistical Portrait},
    year = {1993},
    editor = {Thomas D. Snyder},
    url = {https://nces.ed.gov/pubsearch/pubsinfo.asp?pubid=93442},
}
% handbook
@incollection{AAM16-education,
	author = {Joseph G. Altonji and Peter Arcidiacono and Arnaud Maurel},
	title = {The Analysis of Field Choice in College and Graduate School: Determinants and Wage Effects},
	editor = {Eric A. Hanushek and Stephen Machin and Ludger Woessmann},
	booktitle = {Handbook of the Economics of Education},
	volume = {5},
	year = {2016},
	chapter = {7},
	pages = {305-96},
	doi = {10.1016/B978-0-444-63459-7.00007-5},
}
% unpublished
@unpublished{B15,
	author = {Mary Ann Bronson},
	title = {Degrees are Forever: Marriage, Educational Investment, and Lifecycle Labor Decisions of Men and Women},
	year = {2015},
}
@unpublished{KTU17,
	author = {Adriana D. Kugler and Catherine H. Tinsley and Olga Ukhaneva},
	title = {Choice of Majors: Are Women Really Different from Men?},
	year = {2017},
	note = {NBER Working Paper No. 23735},
	url = {https://www.nber.org/papers/w23735},
}
%published
@article{ABM12,
	author = {Joseph G. Altonji and Erica Blom and Costas Meghir},
	title = {Heterogeneity in Human Capital Investments: High School Curriculum, College Major, and Careers},
	journal = {Annual Review of Economics},
	year = {2012},
	volume = {4},
	number = {1},
	month = {7},
	pages = {185-223},
	doi = {10.1146/annurev-economics-080511-110908},

}
@article{A04,
	author = {Peter Arcidiacono},
	title = {Ability sorting and the returns to college major},
	journal = {Journal of Econometrics},
	year = {2004},
	volume = {121},
	number = {2},
	pages = {343-75},
	doi = {10.1016/j.jeconom.2003.10.010},
}
@article{D10,
	author = {Lisa Dickson},
	title = {Race and Gender Differences in College Major Choice},
	journal = {The Annals of the American Academy of Political and Social Science},
	year = {2010},
	volume = {627},
	name = {1},
	pages = {108-24},
	doi = {10.1177/0002716209348747},
}
@article{EL06,
	author = {Paula England and Sun Li},
	title = {Desegregation Stalled: The Changing Gender Composition of College Majors, 1971-2002},
	journal = {Gender \& Society},
	year = {2006},
	volume = {20},
	number = {5},
	pages = {657-77},
	doi = {10.1177/0891243206290753},
}
@article{LM20,
	author = {Jaegeum Lim and Jonathan Meer},
	title = {Persistent Effects of Teacher-Student Gender Matches},
	journal = {Journal of Human Resources},
	volume = {55},
	number = {3},
	year = {2020},
	pages = {809-35},
	doi = {10.3368/jhr.55.3.0218-9314R4},
}
@article{PS20,
	author = {Catherine Porter and Danila Serra},
	title = {Gender Differences and the Choice of Major: The Importance of Female Role Models},
	journal = {American Economic Journal - Applied Economics},
	year = {2020},
	volume = {12},
	number = {3},
	pages = {226-254},
	doi = {https://doi.org/10.1257/app.20180426},
}
@article{WZ14,
	author = {Matthew Wiswall and Basit Zafar},
	title = {Determinants of College Major Choice: Identification Using an Information Experiment},
	journal = {The Review of Economic Studies},
	volume = {82},
	number = {2},
	year = {2015},
	month = {4},
	pages = {791-824},
	doi = {10.1093/restud/rdu044},
}
@article{WZ18,
	author = {Matthew Wiswall and Basit Zafar},
	title = {Preference for the Workplace, Investment in Human Capital, and Gender},
	journal = {Quarterly Journal of Economics},
	volume = {133},
	number = {1},
	year = {2018},
	month = {2},
	pages = {457-507},
	doi = {10.1093/qje/qjx035},
}
@article{Z13,
	author = {Basit Zafar},
	title = {College Major Choice and the Gender Gap},
	journal = {Journal of Human Resources},
	year = {2013},
	volume = {48},
	number = {3},
	pages = {545-95},
	doi = {10.3368/jhr.48.3.545 },
}

%%%%%%%%%%%%%%%%%%
% Discrimination %
%%%%%%%%%%%%%%%%%%
% Published
@article{AC77,
	author = {Dennis J. Aigner and Glen G. Cain},
	title = {Statistical Theories of Discrimination in Labor Markets},
	journal = {ILR Review},
	volume = {30},
	number = {2},
	year = {1977},
	month = {1},
	pages = {175-87},
	url = {https://www.jstor.org/stable/2522871},
}
@inbook{A72,
	author = {Kenneth J. Arrow},
	title = {Some Mathematical Models of Race in the Labor Market},
	maintitle = {Racial Discrimination in Economic Life},
	edition = {Anthony H. Pascal},
	pages = {187-203},
	location = {Lexington, MA},
	publisher = {D.C. Health},
	year = {1972},
}
@book{B57,
	author = {Gary S. Becker},
	title = {The Economics of Discrimination},
	year = {1957},
	location = {Chicago},
	publisher = {University of Chicago Press},
	edition = {2nd},
}
@article{CG08,
	author = {Kerwin Kofi Charles and Jonathan Guryan},
	title = {Prejudice and Wages: An Empirical Assessment of Becker's The Economics of Discrimination},
	journal = {Journal of Political Economy},
	volume = {116},
	number = {5},
	year = {2008},
	month = {10},
	pages = {{773-809}},
	doi = {10.1086/593073},
}
@article{H98,
	author = {James J. Heckman},
	title = {Detecting Discrimination},
	journal = {Journal of Economic Perspectives},
	volume = {12},
	number = {2},
	year = {1998},
	pages = {101-16},
}
@article{LL12,
	author = {Kevin Lang and Jee-Yeon K. Lehmann},
	title = {Racial Discrimination in the Labor Market: Theory and Empirics},
	journal = {Journal of Economic Literature},
	year = {2012},
	volume = {50},
	number = {4},
	pages = {959-1006},
	doi = {10.1257/jel.50.4.959},
}
@article{LM11,
	author = {Kevin Lang and Michael Manove},
	title = {Education and Labor Market Discrimination},
	journal = {American Economic Review},
	volume = {101},
	number = {4},
	year = {2011},
	month = {6},
	pages = {1467-96},
	doi = {10.1257/aer.101.4.1467},
}
@article{L98,
	author = {Glenn C. Loury},
	title = {Discrimination in the Post-Civil Rights Era: Beyond Market Interactions},
	journal = {Journal of Economic Perspectives},
	year = {1998},
	volume = {12},
	number = {2},
	pages = {117-26},
	doi = {10.1257/jep.12.2.117},
}
@article{LS83,
	author = {Shelly J. Lundberg and Richard Startz},
	title = {Private Discrimination and Social Intervention in Competitive Labor Markets},
	journal = {American Economic Review},
	volume = {73},
	number = {3},
	year = {1983},
	month = {6},
	pages = {340-7},
	url = {https://www.jstor.org/stable/1808117},
}
@article{P72,
	author = {Edmund S. Phelps},
	title = {The Statistical Theory of Racism and Sexism},
	journal = {American Economic Review},
	volume = {62},
	number = {4},
	year = {1972},
	month = {9},
	pages = {659-61},
	url = {https://www.jstor.org/stable/1806107}
}
%%%%%%%%%%%%%%%%%%%
% Gender wage gap %
%%%%%%%%%%%%%%%%%%%
%published
@article{BHST08,
	author = {Dan A. Black and Amelia M. Haviland and Seth G. Sanders and Lowell J. Taylor},
	title = {Gender Wage Disparities among the Highly Educated},
	year = {2008},
	journal = {Journal of Human Resources},
	volume = {43},
	number = {3},
	pages = {630-59},
	doi = {10.3368/jhr.43.3.630 },
}
@article{BK17,
	author = {Francine D. Blau and Lawrence M. Kahn},
	title = {The Gender Wage Gap: Extent, Trends, and Explanations},
	journal = {Journal of Economic Literature},
	year = {2017},
	volume = {55},
	number = {3},
	pages = {789-865},
	doi = {10.1257/jel.20160995},
}
@article{G14,
	author = {Claudia Goldin},
	year = {2014},
	month = {4},
	title = {A Grand Gender Convergence: Its Last Chapter},
	journal = {American Economic Review},
	volume = {104},
	number = {4},
	pages = {1091-119},
	doi = {10.1257/aer.104.4.1091},
}
@article{KLS19,
	author = {Henrik Kleven and Camille Landais and Jakob Egholt S{\o}gaard},
	year = {2019},
	title = {Children and Gender Inequality: Evidence from Denmark},
	journal = {American Economic Journal: Applied Economics},
	volume = {11},
	number = {4},
	month = {10},
	pages = {181-209},
	doi = {10.1257/app.20180010},
}
%%%%%%%%%%%%%%%%%
% Human Capital %
%%%%%%%%%%%%%%%%%
% unpublished
@article{SHB19,
	author = {Carolyn Sloane and Erik Hurst and Dan Black},
	title = {A Cross-Cohort Analysis of Human Capital Specialization and the College Gender Wage Gap},
	year = {2020},
	note = {NBER Working Paper No. 26348},
	url = {https://www.nber.org/papers/w26348},

}
% Published
@article{A93,
	author = {Joseph G. Altonji},
	title = {The Demand for and Return to Education When Education Outcomes are Uncertain},
	journal = {Journal of Labor Economics},
	volume = {11},
	number = {1},
	year = {1993},
	month = {1},
	pages = {48-83},
	doi = {10.1086/298317},
}
@article{BHM10,
	author = {Gary S. Becker and William H.J. Hubbard and Kevin M. Murphy},
	title = {Explaining the Worldwide Boom in Higher Education of Women},
	journal = {Journal of Human Capital},
	volume = {4},
	number = {3},
	year = {2010},
	pages = {203-41},
	doi = {10.1086/657914},
}

%%%%%%%%%%%%%%%%%%
% Macroeconomics %
%%%%%%%%%%%%%%%%%%
% Unpublished
@unpublished{AF20,
	author = {Titan Alon and Daniel Fershtman},
	title = {A Theory of Human Capital Specialization},
	year = {2019},
	url = {https://drive.google.com/file/d/1LXjGzQSAxl_ijlPMDE11dTPzvRLkV92q/view?usp=sharing},
}

% Published
@article{HHJK19,
	author = {Chang-Tai Hsieh and Erik Hurst and Charles I. Jones and Peter J. Klenow},
	title = {The Allocation of Talent and U.S. Economic Growth},
	journal = {Econometrica},
	volume = {87},
	number = {5},
	year = {2019},
	month = {9},
	pages = {1439-74},
	doi = {10.3982/ECTA11427},
}
@article{R51,
	author = {A. D. Roy},
	title = {Some Thoughts on the Distribution of Earnings},
	URL = {http://www.jstor.org/stable/2662082},
	journal = {Oxford Economic Papers},
	number = {2},
	pages = {135--146},
	publisher = {Oxford University Press},
	volume = {3},
	year = {1951}
}

% Handbooks



